@book{Sutton1998,
  added-at = {2019-07-13T10:11:53.000+0200},
  author = {Sutton, Richard S. and Barto, Andrew G.},
  biburl = {https://www.bibsonomy.org/bibtex/2f46601cf8b13d39d1378af0d79438b12/lanteunis},
  edition = {Second},
  interhash = {ac6b144aaec1819919a2fba9f705c852},
  intrahash = {f46601cf8b13d39d1378af0d79438b12},
  keywords = {},
  publisher = {The MIT Press},
  timestamp = {2019-07-13T10:11:53.000+0200},
  title = {Reinforcement Learning: An Introduction},
  url = {http://incompleteideas.net/book/the-book-2nd.html},
  year = {2018 }
}

@article{elsken2018efficient,
  title={Efficient multi-objective neural architecture search via lamarckian evolution},
  author={Elsken, Thomas and Metzen, Jan Hendrik and Hutter, Frank},
  journal={arXiv preprint arXiv:1804.09081},
  year={2018}
}

@article{chiang2019rl,
  title={RL-RRT: Kinodynamic motion planning via learning reachability estimators from RL policies},
  author={Chiang, Hao-Tien Lewis and Hsu, Jasmine and Fiser, Marek and Tapia, Lydia and Faust, Aleksandra},
  journal={IEEE Robotics and Automation Letters},
  volume={4},
  number={4},
  pages={4298--4305},
  year={2019},
  publisher={IEEE}
}
@inproceedings{shiarlis2017rapidly,
  title={Rapidly exploring learning trees},
  author={Shiarlis, Kyriacos and Messias, Joao and Whiteson, Shimon},
  booktitle={2017 IEEE International Conference on Robotics and Automation (ICRA)},
  pages={1541--1548},
  year={2017},
  organization={IEEE}
}

@inproceedings{scholz2010combining,
  title={Combining motion planning and optimization for flexible robot manipulation},
  author={Scholz, Jonathan and Stilman, Mike},
  booktitle={2010 10th IEEE-RAS International Conference on Humanoid Robots},
  pages={80--85},
  year={2010},
  organization={IEEE}
}

% Core essential references
@inproceedings{real2020automl,
  title={AutoML-zero: evolving machine learning algorithms from scratch},
  author={Real, Esteban and Liang, Chen and So, David and Le, Quoc},
  booktitle={International Conference on Machine Learning},
  pages={8007--8019},
  year={2020},
  organization={PMLR}
}


@inproceedings{real2019regularized,
  title={Regularized evolution for image classifier architecture search},
  author={Real, Esteban and Aggarwal, Alok and Huang, Yanping and Le, Quoc V},
  booktitle={Proceedings of the aaai conference on artificial intelligence},
  volume={33},
  number={01},
  pages={4780--4789},
  year={2019}
}

@inproceedings{van2007python,
  title={Python Programming Language.},
  author={Van Rossum, Guido and others},
  booktitle={USENIX annual technical conference},
  volume={41},
  pages={36},
  year={2007}
}

@book{banzhaf1998genetic,
  title={Genetic programming: an introduction},
  author={Banzhaf, Wolfgang and Nordin, Peter and Keller, Robert E and Francone, Frank D},
  volume={1},
  year={1998},
  publisher={Morgan Kaufmann Publishers San Francisco}
}


@article{DBLP:journals/corr/abs-1901-11117,
  author    = {David R. So and
               Chen Liang and
               Quoc V. Le},
  title     = {The Evolved Transformer},
  journal   = {CoRR},
  volume    = {abs/1901.11117},
  year      = {2019},
  url       = {http://arxiv.org/abs/1901.11117},
  archivePrefix = {arXiv},
  eprint    = {1901.11117},
  timestamp = {Mon, 04 Feb 2019 08:11:03 +0100},
  biburl    = {https://dblp.org/rec/journals/corr/abs-1901-11117.bib},
  bibsource = {dblp computer science bibliography, https://dblp.org}
}

@misc{elsken2019neural,
      title={Neural Architecture Search: A Survey}, 
      author={Thomas Elsken and Jan Hendrik Metzen and Frank Hutter},
      year={2019},
      eprint={1808.05377},
      archivePrefix={arXiv},
      primaryClass={stat.ML}
}

@inproceedings{lehman2008exploiting,
  title={Exploiting open-endedness to solve problems through the search for novelty.},
  author={Lehman, Joel and Stanley, Kenneth O},
  booktitle={ALIFE},
  pages={329--336},
  year={2008},
  organization={Citeseer}
}

@article{lehman2011abandoning,
  title={Abandoning objectives: Evolution through the search for novelty alone},
  author={Lehman, Joel and Stanley, Kenneth O},
  journal={Evolutionary computation},
  volume={19},
  number={2},
  pages={189--223},
  year={2011},
  publisher={MIT Press}
}

@article{fortin2012deap,
  title={DEAP: Evolutionary algorithms made easy},
  author={Fortin, F{\'e}lix-Antoine and De Rainville, Fran{\c{c}}ois-Michel and Gardner, Marc-Andr{\'e} Gardner and Parizeau, Marc and Gagn{\'e}, Christian},
  journal={The Journal of Machine Learning Research},
  volume={13},
  number={1},
  pages={2171--2175},
  year={2012},
  publisher={JMLR. org}
}

@article{deb2002fast,
  title={A fast and elitist multiobjective genetic algorithm: NSGA-II},
  author={Deb, Kalyanmoy and Pratap, Amrit and Agarwal, Sameer and Meyarivan, TAMT},
  journal={IEEE transactions on evolutionary computation},
  volume={6},
  number={2},
  pages={182--197},
  year={2002},
  publisher={IEEE}
}

@article{srinivas1994muiltiobjective,
  title={Muiltiobjective optimization using nondominated sorting in genetic algorithms},
  author={Srinivas, Nidamarthi and Deb, Kalyanmoy},
  journal={Evolutionary computation},
  volume={2},
  number={3},
  pages={221--248},
  year={1994},
  publisher={MIT Press}
}

@article{hart1968formal,
  title={A formal basis for the heuristic determination of minimum cost paths},
  author={Hart, Peter E and Nilsson, Nils J and Raphael, Bertram},
  journal={IEEE transactions on Systems Science and Cybernetics},
  volume={4},
  number={2},
  pages={100--107},
  year={1968},
  publisher={IEEE}
}

@inproceedings{parker1989inverse,
  title={Inverse kinematics of redundant robots using genetic algorithms},
  author={Parker, Joey K and Khoogar, Ahmad R and Goldberg, David E},
  booktitle={1989 IEEE International Conference on Robotics and Automation},
  pages={271--272},
  year={1989},
  organization={IEEE Computer Society}
}

% Genetic programming and space-specific stuff here

@book{poli2008field,
  title={A field guide to genetic programming},
  author={Poli, Riccardo and Langdon, William B and McPhee, Nicholas F and Koza, John R},
  year={2008},
  publisher={Lulu. com}
}

@inproceedings{forstenlechner2017grammar,
  title={A grammar design pattern for arbitrary program synthesis problems in genetic programming},
  author={Forstenlechner, Stefan and Fagan, David and Nicolau, Miguel and Oâ€™Neill, Michael},
  booktitle={European Conference on Genetic Programming},
  pages={262--277},
  year={2017},
  organization={Springer}
}

@inproceedings{whigham1995grammatically,
  title={Grammatically-based genetic programming},
  author={Whigham, Peter A and others},
  booktitle={Proceedings of the workshop on genetic programming: from theory to real-world applications},
  volume={16},
  number={3},
  pages={33--41},
  year={1995}
}

@article{peng2021pyglove,
  title={PyGlove: Symbolic Programming for Automated Machine Learning},
  author={Peng, Daiyi and Dong, Xuanyi and Real, Esteban and Tan, Mingxing and Lu, Yifeng and Liu, Hanxiao and Bender, Gabriel and Kraft, Adam and Liang, Chen and Le, Quoc V},
  journal={arXiv preprint arXiv:2101.08809},
  year={2021}
}

@article{sturtevant2012benchmarks,
  title={Benchmarks for Grid-Based Pathfinding},
  author={Sturtevant, N.},
  journal={Transactions on Computational Intelligence and AI in Games},
  volume={4},
  number={2},
  pages={144 -- 148},
  year={2012},
  url = {http://web.cs.du.edu/~sturtevant/papers/benchmarks.pdf},
}

@misc{OpenStreetMap,
author = {{OpenStreetMap contributors}},
title = {{Planet dump retrieved from https://planet.osm.org }},
howpublished = "\url{ https://www.openstreetmap.org }",
year = {2017},
}

@article{lavalle2001randomized,
  title={Randomized kinodynamic planning},
  author={LaValle, Steven M and Kuffner Jr, James J},
  journal={The international journal of robotics research},
  volume={20},
  number={5},
  pages={378--400},
  year={2001},
  publisher={SAGE Publications}
}

@article{karaman2011sampling,
  title={Sampling-based algorithms for optimal motion planning},
  author={Karaman, Sertac and Frazzoli, Emilio},
  journal={The international journal of robotics research},
  volume={30},
  number={7},
  pages={846--894},
  year={2011},
  publisher={Sage Publications Sage UK: London, England}
}

@article{sharon2015conflict,
  title={Conflict-based search for optimal multi-agent pathfinding},
  author={Sharon, Guni and Stern, Roni and Felner, Ariel and Sturtevant, Nathan R},
  journal={Artificial Intelligence},
  volume={219},
  pages={40--66},
  year={2015},
  publisher={Elsevier}
}

@article{altenberg1994evolution,
  title={The evolution of evolvability in genetic programming},
  author={Altenberg, Lee and others},
  journal={Advances in genetic programming},
  volume={3},
  pages={47--74},
  year={1994},
  publisher={Cambridge, MA}
}

@article{tahir2018potentially,
  title={Potentially guided bidirectionalized RRT* for fast optimal path planning in cluttered environments},
  author={Tahir, Zaid and Qureshi, Ahmed H and Ayaz, Yasar and Nawaz, Raheel},
  journal={Robotics and Autonomous Systems},
  volume={108},
  pages={13--27},
  year={2018},
  publisher={Elsevier}
}

@inproceedings{gammell2014informed,
  title={Informed RRT*: Optimal sampling-based path planning focused via direct sampling of an admissible ellipsoidal heuristic},
  author={Gammell, Jonathan D and Srinivasa, Siddhartha S and Barfoot, Timothy D},
  booktitle={2014 IEEE/RSJ International Conference on Intelligent Robots and Systems},
  pages={2997--3004},
  year={2014},
  organization={IEEE}
}

@incollection{bast2016route,
  title={Route planning in transportation networks},
  author={Bast, Hannah and Delling, Daniel and Goldberg, Andrew and M{\"u}ller-Hannemann, Matthias and Pajor, Thomas and Sanders, Peter and Wagner, Dorothea and Werneck, Renato F},
  booktitle={Algorithm engineering},
  pages={19--80},
  year={2016},
  publisher={Springer}
}

@inproceedings{lai2019balancing,
  title={Balancing global exploration and local-connectivity exploitation with rapidly-exploring random disjointed-trees},
  author={Lai, Tin and Ramos, Fabio and Francis, Gilad},
  booktitle={2019 International Conference on Robotics and Automation (ICRA)},
  pages={5537--5543},
  year={2019},
  organization={IEEE}
}

@article{stern2019mapf, title={Multi-Agent Pathfinding: Definitions, Variants, and Benchmarks}, author={Roni Stern and Nathan R. Sturtevant and Ariel Felner and Sven Koenig and Hang Ma and Thayne T. Walker and Jiaoyang Li and Dor Atzmon and Liron Cohen and T. K. Satish Kumar and Eli Boyarski and Roman Bartak}, journal={Symposium on Combinatorial Search (SoCS)},  year={2019}, pages={151--158}}

@article{chen2017towards,
  title={Towards synthesizing complex programs from input-output examples},
  author={Chen, Xinyun and Liu, Chang and Song, Dawn},
  journal={arXiv preprint arXiv:1706.01284},
  year={2017}
}

@article{qureshi2015intelligent,
  title={Intelligent bidirectional rapidly-exploring random trees for optimal motion planning in complex cluttered environments},
  author={Qureshi, Ahmed Hussain and Ayaz, Yasar},
  journal={Robotics and Autonomous Systems},
  volume={68},
  pages={1--11},
  year={2015},
  publisher={Elsevier}
}

@book{lavalle2006planning,
  title={Planning algorithms},
  author={LaValle, Steven M},
  year={2006},
  publisher={Cambridge university press}
}

@article{strudel2020learning,
  title={Learning Obstacle Representations for Neural Motion Planning},
  author={Strudel, Robin and Garcia, Ricardo and Carpentier, Justin and Laumond, Jean-Paul and Laptev, Ivan and Schmid, Cordelia},
  journal={arXiv preprint arXiv:2008.11174},
  year={2020}
}

@inproceedings{solovey2020revisiting,
  title={Revisiting the asymptotic optimality of RRT},
  author={Solovey, Kiril and Janson, Lucas and Schmerling, Edward and Frazzoli, Emilio and Pavone, Marco},
  booktitle={2020 IEEE International Conference on Robotics and Automation (ICRA)},
  pages={2189--2195},
  year={2020},
  organization={IEEE}
}

@article{udrescu2020ai,
  title={AI Feynman 2.0: Pareto-optimal symbolic regression exploiting graph modularity},
  author={Udrescu, Silviu-Marian and Tan, Andrew and Feng, Jiahai and Neto, Orisvaldo and Wu, Tailin and Tegmark, Max},
  journal={arXiv preprint arXiv:2006.10782},
  year={2020}
}

@inproceedings{koenig2002improved,
  title={Improved fast replanning for robot navigation in unknown terrain},
  author={Koenig, Sven and Likhachev, Maxim},
  booktitle={Proceedings 2002 IEEE international conference on robotics and automation (Cat. No. 02CH37292)},
  volume={1},
  pages={968--975},
  year={2002},
  organization={IEEE}
}

@article{wolpert1997no,
  title={No free lunch theorems for optimization},
  author={Wolpert, David H and Macready, William G},
  journal={IEEE transactions on evolutionary computation},
  volume={1},
  number={1},
  pages={67--82},
  year={1997},
  publisher={IEEE}
}

@inproceedings{carsten2007global,
  title={Global path planning on board the mars exploration rovers},
  author={Carsten, Joseph and Rankin, Arturo and Ferguson, Dave and Stentz, Anthony},
  booktitle={2007 IEEE Aerospace Conference},
  pages={1--11},
  year={2007},
  organization={IEEE}
}

@article{sanchez2019dynamic,
  title={Dynamic path planning for reconfigurable rovers using a multi-layered grid},
  author={S{\'a}nchez-Ib{\'a}nez, J Ricardo and P{\'e}rez-del-Pulgar, Carlos J and Azkarate, Martin and Gerdes, Levin and Garc{\'\i}a-Cerezo, Alfonso},
  journal={Engineering Applications of Artificial Intelligence},
  volume={86},
  pages={32--42},
  year={2019},
  publisher={Elsevier}
}




@inproceedings{amor2005intelligent,
  title={Intelligent exploration for genetic algorithms: Using self-organizing maps in evolutionary computation},
  author={Amor, Heni Ben and Rettinger, Achim},
  booktitle={Proceedings of the 7th annual conference on Genetic and evolutionary computation},
  pages={1531--1538},
  year={2005}
}

@article{gulwani2017program,
  title={Program synthesis},
  author={Gulwani, Sumit and Polozov, Oleksandr and Singh, Rishabh and others},
  journal={Foundations and Trends{\textregistered} in Programming Languages},
  volume={4},
  number={1-2},
  pages={1--119},
  year={2017},
  publisher={Now Publishers, Inc.}
}

@article{lake2015human,
  title={Human-level concept learning through probabilistic program induction},
  author={Lake, Brenden M and Salakhutdinov, Ruslan and Tenenbaum, Joshua B},
  journal={Science},
  volume={350},
  number={6266},
  pages={1332--1338},
  year={2015},
  publisher={American Association for the Advancement of Science}
}

@inproceedings{jakob1992application,
  title={Application of Genetic Algorithms to Task Planning and Learning.},
  author={Jakob, Wilfried and Gorges-Schleuter, Martina and Blume, Christian},
  booktitle={PPSN},
  pages={293--302},
  year={1992}
}


@article{schmidhuber2006developmental,
  title={Developmental robotics, optimal artificial curiosity, creativity, music, and the fine arts},
  author={Schmidhuber, J{\"u}rgen},
  journal={Connection Science},
  volume={18},
  number={2},
  pages={173--187},
  year={2006},
  publisher={Taylor \& Francis}
}

@inproceedings{schmidhuber1999artificial,
  title={Artificial curiosity based on discovering novel algorithmic predictability through coevolution},
  author={Schmidhuber, J{\"u}rgen},
  booktitle={Proceedings of the 1999 Congress on Evolutionary Computation-CEC99 (Cat. No. 99TH8406)},
  volume={3},
  pages={1612--1618},
  year={1999},
  organization={IEEE}
}

@article{berlyne1966curiosity,
  title={Curiosity and exploration},
  author={Berlyne, Daniel E},
  journal={Science},
  volume={153},
  number={3731},
  pages={25--33},
  year={1966},
  publisher={JSTOR}
}

@article{spielberger1994curiosity,
  title={Curiosity and exploratory behavior},
  author={Spielberger, Charles D and Starr, Laura M},
  journal={Motivation: Theory and research},
  pages={221--243},
  year={1994}
}

@article{berlyne1978curiosity,
  title={Curiosity and learning},
  author={Berlyne, Daniel E},
  journal={Motivation and emotion},
  volume={2},
  number={2},
  pages={97--175},
  year={1978},
  publisher={Springer}
}

@techreport{delling2014route,
author = {Delling, Daniel and Goldberg, Andrew and Muller-Hannemann, Matthias and Pajor, Thomas and Sanders, Peter and Wagner, Dorthea and Werneck, Renato},
title = {Route Planning in Transportation Networks},
year = {2014},
month = {January},
publisher = {Microsoft Research},
url = {https://www.microsoft.com/en-us/research/publication/route-planning-in-transportation-networks/},
number = {MSR-TR-2014-4},
}